@misc{PCA,
author={Victor Lavrenko},
year={2011},
howpublished={\url{www.inf.ed.ac.uk/teaching/courses/iaml/2011/slides/pca.pdf}}}
@inbook{DM,
title={Data Mining: Practical Machine Learning Tools and Techniques},
publisher={Morgan Kaufmann},
edition={Third},
author={I. Witten, E. Frank, M. Hall},
pages={99} }
@article{PCA0,
author={M. Turk, A. Pentland},
title={Eigenfaces for Recognition},
journal={Journal of Cognitive Neurosicence},
volume={3},
issue={1},
pages={71-86},
year={1991} }
@article{PCA1,
author={H. Moon, P.J. Phillips},
title={Computational and Performance aspects of PCA-based Face Recognition Algorithms},
journal={Perception},
volume={30},
pages={303-321},
year={2001} }
@article{ICA0,
author={M.S. Bartlett, J.R. Movellan, T.J. Sejnowski},
title={Face Recognition by Independent Component Analysis},
journal={IEEE Trans. on Neural Networks},
volume={13},
pages={1450-1464},
issue={6},
year={2002} }
@article{LDA0,
author={J. Lu, K.N. Plataniotis, A.N. Venetsanopoulos},
title={Face Recognition by Independent Component Analysis},
journal={IEEE Trans. on Neural Networks},
volume={14},
pages={195-200},
issue={1},
year={2003} }
@article{EBGM,
author={L. Wiskott, J.-M. Fellous, N. Krueuger, C. von der Malsburg},
title={Face Recognition by Elastic Bunch Graph Matching},
journal={IEEE Trans. on Pattern Analysis and Machine Intelligence},
volume={19},
pages={775-779},
issue={7},
year={1997} }
@conference{SVM,
author={G. Guo, S.Z. Li, K. Chan},
title={Face Recognition by Support Vector Machines},
booktitle={Proc. of the IEEE International Conference on Automatic Face and Gesture Recognition},
year={2000} }
@article{HMM,
author={A.V. Nefian, M.H. Hayes III},
title={Hidden Markov Models for Face Recognition},
journal={Proc. of the IEEE International Conference on Acoustics, Speech, and Signal Processing},
pages={2721-2724},
volume={5}
year={1998} }

